<?xml version="1.0" encoding="UTF-8"?>
<collection xmlns:xsi="http://www.w3.org/2001/XMLSchema-instance" xsi:schemaLocation="http://www.loc.gov/MARC21/slim http://www.loc.gov/standards/marcxml/schema/MARC21slim.xsd" xmlns="http://www.loc.gov/MARC21/slim">
<record>
  <leader>01638cam a2200313I  4500</leader>
  <controlfield tag="001">5647238</controlfield>
  <controlfield tag="003">NNC</controlfield>
  <controlfield tag="005">20160623144145.0</controlfield>
  <controlfield tag="008">901204s1968    iq b          000 0 ara  </controlfield>
  <datafield tag="010" ind1=" " ind2=" ">
    <subfield code="a">ne 68002621 </subfield>
  </datafield>
  <datafield tag="035" ind1=" " ind2=" ">
    <subfield code="a">(OCoLC)ocm22774145</subfield>
  </datafield>
  <datafield tag="035" ind1=" " ind2=" ">
    <subfield code="a">(NNC)5647238</subfield>
  </datafield>
  <datafield tag="040" ind1=" " ind2=" ">
    <subfield code="a">DLC</subfield>
    <subfield code="c">WAU</subfield>
    <subfield code="d">WAU</subfield>
    <subfield code="d">OSU</subfield>
    <subfield code="d">ZCU</subfield>
  </datafield>
  <datafield tag="043" ind1=" " ind2=" ">
    <subfield code="a">a-is---</subfield>
    <subfield code="a">ma-----</subfield>
  </datafield>
  <datafield tag="050" ind1="0" ind2=" ">
    <subfield code="a">DS119.7</subfield>
    <subfield code="b">.J35</subfield>
  </datafield>
  <datafield tag="066" ind1=" " ind2=" ">
    <subfield code="c">(3</subfield>
  </datafield>
  <datafield tag="100" ind1="1" ind2=" ">
    <subfield code="6">880-01</subfield>
    <subfield code="a">Jamīl, Ḥusayn.</subfield>
  </datafield>
  <datafield tag="245" ind1="1" ind2="0">
    <subfield code="6">880-02</subfield>
    <subfield code="a">Buṭlān al-usus allatī uqīma ʻalayhā wujūd Isrāʾīl ʻalá al-arḍ al-ʻArabīyah wa-salāmat al-mawqif al-ʻArabī min al-qaḍīyah al-Filasṭīnīyah.</subfield>
    <subfield code="c">Taʾlīf Ḥusayn Jamīl.</subfield>
  </datafield>
  <datafield tag="260" ind1=" " ind2=" ">
    <subfield code="6">880-03</subfield>
    <subfield code="a">Baghdād:</subfield>
    <subfield code="b">Wizārat al-Thaqāfah wa-al-Irshād, Mudīrīyat al-Irshād al-ʻĀmmah,</subfield>
    <subfield code="c">1968.</subfield>
  </datafield>
  <datafield tag="300" ind1=" " ind2=" ">
    <subfield code="a">161 p.</subfield>
    <subfield code="b">map.</subfield>
    <subfield code="c">21 cm.</subfield>
  </datafield>
  <datafield tag="490" ind1="1" ind2=" ">
    <subfield code="6">880-04</subfield>
    <subfield code="a">Silsilah al-iʻlāmīyah,</subfield>
    <subfield code="v">2</subfield>
  </datafield>
  <datafield tag="650" ind1=" " ind2="0">
    <subfield code="a">Jewish-Arab relations.</subfield>
  </datafield>
  <datafield tag="810" ind1="1" ind2=" ">
    <subfield code="6">880-05</subfield>
    <subfield code="a">Iraq.</subfield>
    <subfield code="b">Wizārat al-Thaqāfah wa-al-Irshād.</subfield>
    <subfield code="t">Silsilah al-iʻlāmīyah ;</subfield>
    <subfield code="v">2.</subfield>
  </datafield>
  <datafield tag="880" ind1="1" ind2=" ">
    <subfield code="6">100-01/(3/r</subfield>
    <subfield code="a">جميل، حسين.</subfield>
  </datafield>
  <datafield tag="880" ind1="1" ind2="0">
    <subfield code="6">245-02/(3/r</subfield>
    <subfield code="a">بطلان الأسس التي أقيم عليها وجود إسرائيل على الأرض العربية وسلامة الموقف العربي من القضية الفلسطينية.</subfield>
    <subfield code="c">تأليف حسين جميل.</subfield>
  </datafield>
  <datafield tag="880" ind1=" " ind2=" ">
    <subfield code="6">260-03/(3/r</subfield>
    <subfield code="a">[بغداد]</subfield>
    <subfield code="b">وزارة الثقافة والإرشاد، مديرية الإرشاد العامة</subfield>
    <subfield code="c">[1968]</subfield>
  </datafield>
  <datafield tag="880" ind1="1" ind2=" ">
    <subfield code="6">490-04/(3/r</subfield>
    <subfield code="a">سلسلة الإعلامية،</subfield>
    <subfield code="v">2</subfield>
  </datafield>
  <datafield tag="880" ind1="1" ind2=" ">
    <subfield code="6">810-05/(3/r</subfield>
    <subfield code="a">Iraq.</subfield>
    <subfield code="b">وزارة الثقافة والإرشاد.</subfield>
    <subfield code="t">سلسلة الإعلامية ؛</subfield>
    <subfield code="v">2.</subfield>
  </datafield>
  <datafield tag="955" ind1=" " ind2=" ">
    <subfield code="b">CU68115334</subfield>
    <subfield code="d">off,leh</subfield>
    <subfield code="e">DS70 .I7 no.2</subfield>
  </datafield>
</record>
</collection>